<record><leader>00000cas a22000007a 4500</leader><controlfield tag="001">32043443</controlfield><controlfield tag="008">950224d19141919vaudr ne      0    0eng d</controlfield><datafield ind1=" " ind2=" " tag="010"><subfield code="a">sn 95079515 </subfield></datafield><datafield ind1=" " ind2=" " tag="040"><subfield code="a">NVK</subfield><subfield code="b">eng</subfield><subfield code="c">NVK</subfield><subfield code="d">OCLCQ</subfield><subfield code="d">OCLCF</subfield><subfield code="d">OCLCO</subfield></datafield><datafield ind1="1" ind2=" " tag="029"><subfield code="a">AU@</subfield><subfield code="b">000011579853</subfield></datafield><datafield ind1=" " ind2=" " tag="042"><subfield code="a">msc</subfield></datafield><datafield ind1=" " ind2=" " tag="043"><subfield code="a">n-us-va</subfield></datafield><datafield ind1="0" ind2="0" tag="245"><subfield code="a">Staunton morning leader.</subfield></datafield><datafield ind1="1" ind2="7" tag="246"><subfield code="a">Staunton daily leader</subfield></datafield><datafield ind1=" " ind2=" " tag="260"><subfield code="a">Staunton, Va. :</subfield><subfield code="b">Staunton Leader Pub. Co.,</subfield><subfield code="c">1914-1919.</subfield></datafield><datafield ind1=" " ind2=" " tag="300"><subfield code="a">v.</subfield></datafield><datafield ind1=" " ind2=" " tag="310"><subfield code="a">Daily (except Mon.)</subfield></datafield><datafield ind1="0" ind2=" " tag="362"><subfield code="a">Vol. 20, no. 16 (Jan. 4, 1914)-v. 30, no. 108 (Oct. 19, 1919).</subfield></datafield><datafield ind1=" " ind2=" " tag="500"><subfield code="a">Publisher varies: Leader Pub. Co., &lt;1919&gt;.</subfield></datafield><datafield ind1=" " ind2=" " tag="530"><subfield code="a">Available on microfilm from Micro Photo Div., Bell &amp; Howell.</subfield></datafield><datafield ind1=" " ind2=" " tag="580"><subfield code="a">Evening editions: Staunton daily leader, &lt;1908&gt;-Mar. 23, 1917 ; Evening leader, Mar. 24, 1917-1919.</subfield></datafield><datafield ind1=" " ind2="0" tag="651"><subfield code="a">Staunton (Va.)</subfield><subfield code="v">Newspapers.</subfield></datafield><datafield ind1=" " ind2="7" tag="655"><subfield code="a">Newspapers.</subfield><subfield code="2">fast</subfield><subfield code="0">(OCoLC)fst01423814</subfield></datafield><datafield ind1=" " ind2="7" tag="651"><subfield code="a">Virginia</subfield><subfield code="z">Staunton.</subfield><subfield code="2">fast</subfield><subfield code="0">(OCoLC)fst01204696</subfield></datafield><datafield ind1=" " ind2=" " tag="752"><subfield code="a">United States</subfield><subfield code="b">Virginia</subfield><subfield code="d">Staunton.</subfield></datafield><datafield ind1="1" ind2=" " tag="775"><subfield code="t">Staunton daily leader (Staunton, Va. : 1904)</subfield><subfield code="w">(DLC)sn 86071891</subfield></datafield><datafield ind1="1" ind2=" " tag="775"><subfield code="t">Evening leader (Staunton, Va.)</subfield><subfield code="w">(DLC)sn 95079506</subfield></datafield><datafield ind1="0" ind2="0" tag="780"><subfield code="t">Staunton daily leader (Staunton, Va. : 1908)</subfield><subfield code="w">(DLC)sn 95079507</subfield></datafield><datafield ind1="0" ind2="7" tag="785"><subfield code="t">Staunton daily news</subfield><subfield code="w">(DLC)sn 95079508</subfield></datafield><datafield ind1="0" ind2="7" tag="785"><subfield code="t">Staunton news-leader</subfield><subfield code="w">(DLC)sn 84024623</subfield></datafield></record>